<record><leader>00000cas a2200000 a 4500</leader><controlfield tag="001">19085749</controlfield><controlfield tag="008">890131d18uu19uutnuwr ne      0    0eng d</controlfield><datafield ind1=" " ind2=" " tag="010"><subfield code="a">sn 89058127 </subfield></datafield><datafield ind1=" " ind2=" " tag="040"><subfield code="a">KNP</subfield><subfield code="b">eng</subfield><subfield code="c">KNP</subfield><subfield code="d">TGN</subfield><subfield code="d">OCL</subfield><subfield code="d">OCLCQ</subfield><subfield code="d">OCLCF</subfield><subfield code="d">OCLCO</subfield></datafield><datafield ind1="1" ind2=" " tag="029"><subfield code="a">AU@</subfield><subfield code="b">000006286340</subfield></datafield><datafield ind1=" " ind2=" " tag="042"><subfield code="a">msc</subfield></datafield><datafield ind1=" " ind2=" " tag="043"><subfield code="a">n-us-tn</subfield></datafield><datafield ind1="0" ind2=" " tag="130"><subfield code="a">Jellico advance-sentinel (Jellico, Tenn. : 1900)</subfield></datafield><datafield ind1="1" ind2="0" tag="245"><subfield code="a">Jellico advance-sentinel.</subfield></datafield><datafield ind1="1" ind2=" " tag="246"><subfield code="i">Colophon title:</subfield><subfield code="a">Advance-sentinel</subfield></datafield><datafield ind1=" " ind2=" " tag="260"><subfield code="a">Jellico, Campbell County, Tenn. :</subfield><subfield code="b">Advance Print. Co.</subfield></datafield><datafield ind1=" " ind2=" " tag="300"><subfield code="a">v. :</subfield><subfield code="b">ill.</subfield></datafield><datafield ind1=" " ind2=" " tag="500"><subfield code="a">Issue for Apr. 27, 1900 is a "special illustrated trade edition."</subfield></datafield><datafield ind1=" " ind2=" " tag="588"><subfield code="a">Description based on: Vol. 8, no. 381 (Apr. 27, 1900).</subfield></datafield><datafield ind1=" " ind2="0" tag="651"><subfield code="a">Jellico (Tenn.)</subfield><subfield code="v">Newspapers.</subfield></datafield><datafield ind1=" " ind2="0" tag="651"><subfield code="a">Campbell County (Tenn.)</subfield><subfield code="v">Newspapers.</subfield></datafield><datafield ind1=" " ind2="7" tag="655"><subfield code="a">Newspapers.</subfield><subfield code="2">fast</subfield><subfield code="0">(OCoLC)fst01423814</subfield></datafield><datafield ind1=" " ind2="7" tag="651"><subfield code="a">Tennessee</subfield><subfield code="z">Campbell County.</subfield><subfield code="2">fast</subfield><subfield code="0">(OCoLC)fst01225294</subfield></datafield><datafield ind1=" " ind2="7" tag="651"><subfield code="a">Tennessee</subfield><subfield code="z">Jellico.</subfield><subfield code="2">fast</subfield><subfield code="0">(OCoLC)fst01225083</subfield></datafield><datafield ind1=" " ind2=" " tag="752"><subfield code="a">United States</subfield><subfield code="b">Tennessee</subfield><subfield code="c">Campbell</subfield><subfield code="d">Jellico.</subfield></datafield><datafield ind1="0" ind2="0" tag="785"><subfield code="t">Advance=sentinel</subfield><subfield code="w">(DLC)sn 89058126</subfield></datafield></record>